@article{monaghan2005sph,
    doi = {10.1088/0034-4885/68/8/R01},
    url = {https://dx.doi.org/10.1088/0034-4885/68/8/R01},
    year = {2005},
    month = {jul},
    publisher = {},
    volume = {68},
    number = {8},
    pages = {1703},
    author = {JJ Monaghan},
    title = {Smoothed particle hydrodynamics},
    journal = {Reports on Progress in Physics},
}

@article{zhang2021sphinxsys,
    title = {SPHinXsys: An open-source multi-physics and multi-resolution library based on smoothed particle hydrodynamics},
    journal = {Computer Physics Communications},
    volume = {267},
    pages = {108066},
    year = {2021},
    issn = {0010-4655},
    doi = {10.1016/j.cpc.2021.108066},
    url = {https://www.sciencedirect.com/science/article/pii/S0010465521001788},
    author = {Chi Zhang and Massoud Rezavand and Yujie Zhu and Yongchuan Yu and Dong Wu and Wenbin Zhang and Jianhang Wang and Xiangyu Hu},
    keywords = {Open-source library, Smoothed particle hydrodynamics, Meshless method, Multi-physics solver, Multi-resolution solver},
}

@book{ladas2009scrumban,
  title={Scrumban - Essays on Kanban Systems for Lean Software Development},
  author={Corey Ladas},
  isbn={9780578002149},
  series={Modus Cooperandi lean series},
  url={https://books.google.co.uk/books?id=SQFdAgAAQBAJ},
  year={2009},
  publisher={Modus Cooperandi Press}
}

@online{scrum2023scrum,
    title = {What is Scrum?},
    url = {https://www.scrum.org/resources/what-scrum-module},
    author = {Scrum.org},
    year = {2023},
    addendum = {Accessed October 2023},
}

@online{kanban2023agile,
    title = {What is Kanban?},
    url = {https://www.agilealliance.org/glossary/kanban/},
    author = {Agile Alliance},
    year = {2023},
    addendum = {Accessed October 2023}
}

@article{miniapps,
  title={MiniApps derived from production HPC applications using multiple programing models},
  author={Messer, OE Bronson and D’Azevedo, Ed and Hill, Judy and Joubert, Wayne and Berrill, Mark and Zimmer, Christopher},
  journal={The International Journal of High Performance Computing Applications},
  volume={32},
  number={4},
  pages={582--593},
  year={2018},
  publisher={SAGE Publications Sage UK: London, England}
}

@inproceedings{sphexa,
  title={A smoothed particle hydrodynamics mini-app for exascale},
  author={Cavelan, Aur{\'e}lien and Cabez{\'o}n, Rub{\'e}n M and Grabarczyk, Michal and Ciorba, Florina M},
  booktitle={Proceedings of the Platform for Advanced Scientific Computing Conference},
  pages={1--11},
  year={2020},
  url = {https://dl.acm.org/doi/10.1145/3394277.3401855},
  doi = {10.1145/3394277.3401855}
}

@online{pbfsph,
    title = {PBF-SPH: A 3D real-time SPH mini-app implemented in OpenCL, OpenMP, SYCL, and SYCL2020},
    url = {https://github.com/UoB-HPC/pbf-sph},
    author = {Tom Lin},
    year = {2021},
    addendum = {Accessed October 2023}
}

@online{scrtp,
    title = {University of Warwick Scientific Computing RTP},
    url = {https://warwick.ac.uk/research/rtp/sc/},
    year = {2023},
    addendum = {Accessed October 2023}
}

@book{pmbok2013,
  abstract = {The PMBOK Guide---Fifth Edition reflects the collaboration and knowledge of working project managers and provides the fundamentals of project management as they apply to a wide range of projects. This internationally recognized standard gives project managers the essential tools to practice project management and deliver organizational results.},
  added-at = {2016-12-23T22:12:00.000+0100},
  address = {Newtown Square, PA},
  biburl = {https://www.bibsonomy.org/bibtex/2dadcdde61e072ec43a40ee966f912163/flint63},
  description = {Edition 5 deutsche Ausgabe 2014 ISBN 978-1-62825-003-9},
  edition = 5,
  editor = {PMI},
  file = {eBook:2013/PMBOK2013.pdf:PDF;Amazon Search inside:http\://www.amazon.de/gp/reader/1935589679/:URL;Related Web Site:http\://www.pmi.org/:URL},
  groups = {public},
  interhash = {a59fcfdfca8222b2ca420dc26288e7ca},
  intrahash = {dadcdde61e072ec43a40ee966f912163},
  isbn = {978-1-935589-67-9},
  keywords = {01624 103 book project management software development process softskills},
  publisher = {Project Management Institute},
  timestamp = {2017-07-13T17:58:59.000+0200},
  title = {A Guide to the Project Management Body of Knowledge ({PMBOK} Guide)},
  username = {flint63},
  year = 2013
}
@book{prince2,
    author={Hinde,David},
    year={2018},
    title={PRINCE2 study guide},
    publisher={Sybex, a Wiley brand},
    address={Indianapolis},
    edition={Second -- 2017 update.},
    keywords={BUSINESS & ECONOMICS / Industrial Management; BUSINESS & ECONOMICS / Management; BUSINESS & ECONOMICS / Management Science; BUSINESS & ECONOMICS / Organizational Behavior; Examinations; Project management},
    isbn={9781119420859;9781119549185;1119549183;1119420857;},
    language={English},
}

@article{miniapp,
    author = {OE Bronson Messer and Ed D’Azevedo and Judy Hill and Wayne Joubert and Mark Berrill and Christopher Zimmer},
    title ={MiniApps derived from production HPC applications using multiple programing models},
    journal = {The International Journal of High Performance Computing Applications},
    volume = {32},
    number = {4},
    pages = {582-593},
    year = {2018},
    doi = {10.1177/1094342016668241},
    URL = {https://journals.sagepub.com/doi/10.1177/1094342016668241}
}

@INPROCEEDINGS{reguly2014ops,
  author={Reguly, István Z. and Mudalige, Gihan R. and Giles, Michael B. and Curran, Dan and McIntosh-Smith, Simon},
  booktitle={2014 Fourth International Workshop on Domain-Specific Languages and High-Level Frameworks for High Performance Computing}, 
  title={The OPS Domain Specific Abstraction for Multi-block Structured Grid Computations}, 
  year={2014},
  volume={},
  number={},
  pages={58-67},
  doi={10.1109/WOLFHPC.2014.7}
}

@INPROCEEDINGS{mudalige2012op2,
  author={Mudalige, G.R. and Giles, M.B. and Reguly, I. and Bertolli, C. and Kelly, P.H.J},
  booktitle={2012 Innovative Parallel Computing (InPar)}, 
  title={OP2: An active library framework for solving unstructured mesh-based applications on multi-core and many-core architectures}, 
  year={2012},
  volume={},
  number={},
  pages={1-12},
  doi={10.1109/InPar.2012.6339594}
}

@article{prabhu2021pysph,
    author = {Ramachandran, Prabhu and Bhosale, Aditya and Puri, Kunal and Negi, Pawan and Muta, Abhinav and Dinesh, A. and Menon, Dileep and Govind, Rahul and Sanka, Suraj and Sebastian, Amal S. and Sen, Ananyo and Kaushik, Rohan and Kumar, Anshuman and Kurapati, Vikas and Patil, Mrinalgouda and Tavker, Deep and Pandey, Pankaj and Kaushik, Chandrashekhar and Dutt, Arkopal and Agarwal, Arpit},
    title = {PySPH: A Python-Based Framework for Smoothed Particle Hydrodynamics},
    year = {2021},
    issue_date = {December 2021},
    publisher = {Association for Computing Machinery},
    address = {New York, NY, USA},
    volume = {47},
    number = {4},
    issn = {0098-3500},
    url = {https://doi.org/10.1145/3460773},
    doi = {10.1145/3460773},
    journal = {ACM Trans. Math. Softw.},
    month = {sep},
    articleno = {34},
    numpages = {38},
    keywords = {smoothed particle hydrodynamics, CPU, PySPH, GPU, Python, open source}
}

@article{havasitoth2020nauticle,
    title = {Nauticle: A general-purpose particle-based simulation tool},
    journal = {Computer Physics Communications},
    volume = {246},
    pages = {106855},
    year = {2020},
    issn = {0010-4655},
    doi = {10.1016/j.cpc.2019.07.018},
    url = {https://www.sciencedirect.com/science/article/pii/S0010465519302322},
    author = {Balázs Havasi-Tóth},
    keywords = {Particle-based, General-purpose, Meshless, C++, Smoothed particle hydrodynamics, Open source},
}

@article{karol2018ppme,
    author = {Karol, Sven and Nett, Tobias and Castrillon, Jeronimo and Sbalzarini, Ivo F.},
    title = {A Domain-Specific Language and Editor for Parallel Particle Methods},
    year = {2018},
    issue_date = {September 2018},
    publisher = {Association for Computing Machinery},
    address = {New York, NY, USA},
    volume = {44},
    number = {3},
    issn = {0098-3500},
    url = {https://doi.org/10.1145/3175659},
    doi = {10.1145/3175659},
    journal = {ACM Trans. Math. Softw.},
    month = {mar},
    articleno = {34},
    numpages = {32}
}

@article{liu2010smoothed,
  title={Smoothed particle hydrodynamics (SPH): an overview and recent developments},
  author={Liu, MB and Liu, GR},
  journal={Archives of computational methods in engineering},
  volume={17},
  pages={25--76},
  year={2010},
  publisher={Springer}
}

@online{gtest,
    title={GoogleTest - Google Testing and Mocking Framework},
    url={https://github.com/google/googletest},
    year={2023}
}

@online{intrinsics,
    title={Intel® Intrinsics Guide},
    url={https://www.intel.com/content/www/us/en/docs/intrinsics-guide/index.html},
    year={2023}
}

@online{openmp,
    title={OpenMP},
    url={https://www.openmp.org/},
    year={2023}
}

@online{openmpi,
    title={Open MPI: Open Source High Performance Computing},
    url={https://www.open-mpi.org/},
    year={2023}
}

@online{nvcc,
    title={NVIDIA CUDA Compiler Driver NVCC},
    url={https://docs.nvidia.com/cuda/cuda-compiler-driver-nvcc/index.html},
    year={2023}
}

@book{sedov,
author={Sedov,L. I.},
year={1959},
title={Similarity and dimensional methods in mechanics},
publisher={NASA/ADS},
language={English},
}

@online{sycl,
    title={SYCL Overview - The Khronos Group Inc},
    url={https://www.khronos.org/sycl/},
    year={2023}
}

@online{jinja,
    title={Jinja},
    url={https://jinja.palletsprojects.com/en/3.1.x/},
    year={2023}
}

@online{llvm,
    title={The LLVM Compiler Infrastructure Project},
    url={https://llvm.org/},
    year={2023}
}

@online{hdf5,
    title={The HDF5® Library \& File Format},
    url={https://www.hdfgroup.org/solutions/hdf5/},
    year={2023}
}

@online{silo,
    title={Silo | File-based scientific data exchange and software interoperability},
    url={http://software.llnl.gov/Silo/},
    year={2023}
}

@online{visit,
    title={VisIt Home},
    url={https://visit-dav.github.io/visit-website/},
    year={2023}
}

@article{monaghan1994simulating,
  title={Simulating free surface flows with SPH},
  author={Monaghan, JJ},
  journal={Journal of computational physics},
  volume={110},
  number={2},
  pages={399--406},
  year={1994},
  publisher={Elsevier}
}

@phdthesis{veen2010smoothed,
  title={A smoothed particle hydrodynamics study of ship bow slamming in ocean waves},
  author={Veen, Daniel John},
  year={2010},
  school={Curtin University}
}

@article{monaghan1995sph,
  title={SPH simulation of multi-phase flow},
  author={Monaghan, JJ and Kocharyan, A},
  journal={Computer Physics Communications},
  volume={87},
  number={1-2},
  pages={225--235},
  year={1995},
  publisher={Elsevier}
}

@article{sphtests,
    author = {Thacker, R. J. and Tittley, E. R. and Pearce, F. R. and Couchman, H. M. P. and Thomas, P. A.},
    title = "{Smoothed Particle Hydrodynamics in cosmology: a comparative study of implementations}",
    journal = {Monthly Notices of the Royal Astronomical Society},
    volume = {319},
    number = {2},
    pages = {619-648},
    year = {2000},
    month = {12},
    issn = {0035-8711},
    doi = {10.1111/j.1365-8711.2000.03927.x},
    url = {https://doi.org/10.1111/j.1365-8711.2000.03927.x},
    eprint = {https://academic.oup.com/mnras/article-pdf/319/2/619/4125070/319-2-619.pdf},
}

@article{evrard,
    author = {Evrard, August E.},
    title = "{Beyond N-body: 3D cosmological gas dynamics}",
    journal = {Monthly Notices of the Royal Astronomical Society},
    volume = {235},
    number = {3},
    pages = {911-934},
    year = {1988},
    month = {12},
    issn = {0035-8711},
    doi = {10.1093/mnras/235.3.911},
    url = {https://doi.org/10.1093/mnras/235.3.911},
}

@inproceedings{harrison2010introduction,
  title={Introduction to monte carlo simulation},
  author={Harrison, Robert L},
  booktitle={AIP conference proceedings},
  volume={1204},
  number={1},
  pages={17--21},
  year={2010},
  organization={American Institute of Physics}
}
@inproceedings{lindsey2016domain,
  title={A domain specific language for accelerated multilevel Monte Carlo simulations},
  author={Lindsey, Ben and Leslie, Matthew and Luk, Wayne},
  booktitle={2016 IEEE 27th International Conference on Application-specific Systems, Architectures and Processors (ASAP)},
  pages={99--106},
  year={2016},
  organization={IEEE}
}

@inproceedings{thomas2007domain,
  title={A domain specific language for reconfigurable path-based monte carlo simulations},
  author={Thomas, David B and Luk, Wayne},
  booktitle={2007 International Conference on Field-Programmable Technology},
  pages={97--104},
  year={2007},
  organization={IEEE}
}

@article{dominguez2022dualsphysics,
  title={DualSPHysics: from fluid dynamics to multiphysics problems},
  author={Dom{\'\i}nguez, Jose M and Fourtakas, Georgios and Altomare, Corrado and Canelas, Ricardo B and Tafuni, Angelo and Garc{\'\i}a-Feal, Orlando and Mart{\'\i}nez-Est{\'e}vez, Ivan and Mokos, Athanasios and Vacondio, Renato and Crespo, Alejandro JC and others},
  journal={Computational Particle Mechanics},
  volume={9},
  number={5},
  pages={867--895},
  year={2022},
  publisher={Springer}
}

@article{robinson2017arboria,
    title = {Particle-based and meshless methods with Aboria},
    journal = {SoftwareX},
    volume = {6},
    pages = {172-178},
    year = {2017},
    issn = {2352-7110},
    doi = {10.1016/j.softx.2017.07.002},
    url = {https://www.sciencedirect.com/science/article/pii/S2352711017300250},
    author = {Martin Robinson and Maria Bruna},
}

@inproceedings{keller2023cornerstone,
    author = {Keller, Sebastian and Cavelan, Aur\'{e}lien and Cabezon, Rub\'{e}n and Mayer, Lucio and Ciorba, Florina},
    title = {Cornerstone: Octree Construction Algorithms for Scalable Particle Simulations},
    year = {2023},
    isbn = {9798400701900},
    publisher = {Association for Computing Machinery},
    address = {New York, NY, USA},
    url = {https://dl.acm.org/doi/10.1145/3592979.3593417},
    doi = {10.1145/3592979.3593417},
    booktitle = {Proceedings of the Platform for Advanced Scientific Computing Conference},
    articleno = {18},
    numpages = {10},
    series = {PASC '23}
}

@InProceedings{dequn2012nnsearch,
    author="Dequn, Zheng
    and Pin, Wu
    and Weilie, Shang
    and Xiaopeng, Cao
    and Xia, Zhang
    and Wei, Chen",
    title="Two Improved Nearest Neighbor Search Algorithms for SPH and Their Parallelization",
    booktitle="Computer, Informatics, Cybernetics and Applications",
    year="2012",
    pages="1171--1179",
    url = {https://link.springer.com/chapter/10.1007/978-94-007-1839-5_127},
    doi = {10.1007/978-94-007-1839-5_127}
}

@article{fernandez2022octree,
    author = {Fern\'{a}ndez-Fern\'{a}ndez, Jos\'{e} Antonio and Westhofen, Lukas and L\"{o}schner, Fabian and Jeske, Stefan Rhys and Longva, Andreas and Bender, Jan},
    title = {Fast Octree Neighborhood Search for SPH Simulations},
    year = {2022},
    issue_date = {December 2022},
    publisher = {Association for Computing Machinery},
    address = {New York, NY, USA},
    volume = {41},
    number = {6},
    issn = {0730-0301},
    url = {https://dl.acm.org/doi/10.1145/3550454.3555523},
    doi = {10.1145/3550454.3555523},
    journal = {ACM Trans. Graph.},
    month = {nov},
    articleno = {242},
    numpages = {13},
    keywords = {smoothed particle hydrodynamics, neighborhood search}
}

  

  
